@article{Keller2018Overdrive,
  title={Overdrive: Making SPDZ Great Again},
  author={Keller, Marcel and Pastro, Valerio and Rotaru, Dragos},
  year={2018},
}
@inproceedings{Ivan2013Practical,
  title={Practical Covertly Secure MPC for Dishonest Majority â€“ Or: Breaking the SPDZ Limits},
  author={Ivan Damgrd and Keller, Marcel and Larraia, Enrique and Pastro, Valerio and Scholl, Peter and Smart, Nigel P.},
  booktitle={European Symposium on Research in Computer Security},
  year={2013},
}


@article{jofc-2004-14246,
  title={The Weil Pairing, and Its Efficient Calculation},
  journal={J. Cryptology},
  volume={17},
  pages={235-261},
  doi={10.1007/s00145-004-0315-8},
  author={Victor S. Miller},
  year=2004
}

@inproceedings{pedersen1991non,
  title={Non-interactive and information-theoretic secure verifiable secret sharing},
  author={Pedersen, Torben Pryds},
  booktitle={Annual international cryptology conference},
  pages={129--140},
  year={1991},
  organization={Springer}
}